<?xml version="1.0" encoding="UTF-8"?><collection xmlns="http://www.loc.gov/MARC21/slim"><record><leader>00579nam--2200181-i-4500</leader><controlfield tag="001">000043135</controlfield><controlfield tag="002">20161230</controlfield><controlfield tag="005">20161230201043</controlfield><controlfield tag="008">060222s1000------------r-----000-0-eng-d</controlfield><datafield ind1=" " ind2=" " tag="040"><subfield code="a">IFIN-HH</subfield></datafield><datafield ind1=" " ind2=" " tag="080"><subfield code="a">537.312.62:538.945(061.3)</subfield></datafield><datafield ind1="1" ind2=" " tag="100"><subfield code="a">Wallace, P.R</subfield></datafield><datafield ind1="1" ind2="0" tag="245"><subfield code="a">Superconductivity</subfield><subfield code="b">Proceedings of the advanced summer study institute, magill university, montreal</subfield><subfield code="c">P.r. wallace (ed.)</subfield></datafield><datafield ind1=" " ind2=" " tag="260"><subfield code="a">New York</subfield><subfield code="b">Gordon And Breach, Science Publishers</subfield><subfield code="c">1969</subfield></datafield><datafield ind1=" " ind2=" " tag="300"><subfield code="a">2 VOLUME</subfield></datafield><datafield ind1="1" ind2=" " tag="787"><subfield code="a">Vol. 2</subfield><subfield code="h">/533p./943p</subfield></datafield><datafield ind1=" " ind2=" " tag="852"><subfield code="a">75758</subfield><subfield code="c">537:538</subfield></datafield><datafield ind1=" " ind2=" " tag="CAT"><subfield code="a">Sys</subfield><subfield code="c">20110628</subfield><subfield code="h">142031</subfield></datafield></record></collection>